@InProceedings{dejean1998-morphemes,
  author =      {D\'{e}jean, Herv\'{e}},
  title =       {Morphemes As Necessary Concept For Structures Discovery From Untagged Corpora},
  booktitle =   {Proceedings of the ACL-98 Workshop on New Methods in Language Processing and Computational Natural Language Learning},
  year =        {1998},
}


@Article{hafer1974-word,
  author = 	 {Hafer, Margaret A. and Weiss, Stephen F.},
  title = 	 {Word segmentation by letter success varieties},
  journal = 	 {Information Storage and Retrieval},
  year = 	 1974,
  volume =	 10,
  pages =	 {371--385},
  pdf =	 {hafer1974-word.pdf}
}


@Article{harris1955-phoneme,
  author = 	 {Harris, Zellig},
  title = 	 {From phoneme to morpheme},
  journal = 	 {Language},
  year = 	 1955,
  volume =	 31,
  pages =	 {190--222},
  pdf =       {harris1955-phoneme.pdf}
}

@InCollection{harris1967-morpheme,
  author = 	 {Harris, Zellig},
  title = 	 {Morpheme boundaries within words: Report on a computer test},
  booktitle = 	 {Transformations and Discourse Analysis Papers},
  publisher =	 {Department of Linguistics, University of Pennsylvania},
  year =	 1967,
  number =	 {},
  pdf =       {harris1967-morpheme.pdf},
}


@INPROCEEDINGS{hana2006-tagging,
  AUTHOR = {Hana, Jirka and Feldman, Anna and Amaral, Luiz and Brew, Chris},
  TITLE = {Tagging {P}ortuguese With A {S}panish Tagger},
  BOOKTITLE = {Proceedings of the EACL-06 Workshop on Cross-Language Knowledge Induction},
  YEAR = 2006,
  PDF = {W06-2005.pdf}
}

@inproceedings{barbosa2010robust,
  title={Robust sentiment detection on twitter from biased and noisy data},
  author={Barbosa, L. and Feng, J.},
  booktitle={Proceedings of the 23rd International Conference on Computational Linguistics: Posters},
  pages={36--44},
  year={2010},
  organization={Association for Computational Linguistics}
}

@inproceedings{bifet2010sentiment,
  title={Sentiment knowledge discovery in twitter streaming data},
  author={Bifet, A. and Frank, E.},
  booktitle={Discovery Science},
  pages={1--15},
  year={2010},
  organization={Springer}
}

@inproceedings{davidov2010enhanced,
  title={Enhanced sentiment learning using twitter hashtags and smileys},
  author={Davidov, D. and Tsur, O. and Rappoport, A.},
  booktitle={Proceedings of the 23rd International Conference on Computational Linguistics: Posters},
  pages={241--249},
  year={2010},
  organization={Association for Computational Linguistics}
}

@article{jansen2009twitter,
  title={Twitter power: Tweets as electronic word of mouth},
  author={Jansen, B.J. and Zhang, M. and Sobel, K. and Chowdury, A.},
  journal={Journal of the American society for information science and technology},
  volume={60},
  number={11},
  pages={2169--2188},
  year={2009},
  publisher={Wiley Online Library}
}

@inproceedings{kouloumpis2011twitter,
  title={Twitter sentiment analysis: The good the bad and the omg},
  author={Kouloumpis, E. and Wilson, T. and Moore, J.},
  booktitle={Proceedings of the Fifth International AAAI Conference on Weblogs and Social Media},
  year={2011}
}

@inproceedings{oconnor2010tweets,
  title={From tweets to polls: Linking text sentiment to public opinion time series},
  author={O'Connor, B. and Balasubramanyan, R. and Routledge, B.R. and Smith, N.A.},
  booktitle={Proceedings of the International AAAI Conference on Weblogs and Social Media},
  pages={122--129},
  year={2010}
}

@inproceedings{pak2010twitter,
  title={Twitter as a corpus for sentiment analysis and opinion mining},
  author={Pak, A. and Paroubek, P.},
  booktitle={Proceedings of LREC},
  volume={2010},
  year={2010}
}

@inproceedings{tumasjan2010predicting,
  title={Predicting elections with twitter: What 140 characters reveal about political sentiment},
  author={Tumasjan, A. and Sprenger, T.O. and Sandner, P.G. and Welpe, I.M.},
  booktitle={Proceedings of the fourth international aaai conference on weblogs and social media},
  pages={178--185},
  year={2010}
}

@article{wiebe2005annotating,
  title={Annotating expressions of opinions and emotions in language},
  author={Wiebe, J. and Wilson, T. and Cardie, C.},
  journal={Language Resources and Evaluation},
  volume={39},
  number={2},
  pages={165--210},
  year={2005},
  publisher={Springer}
}

@inproceedings{wilson2005opinionfinder,
  title={OpinionFinder: A system for subjectivity analysis},
  author={Wilson, T. and Hoffmann, P. and Somasundaran, S. and Kessler, J. and Wiebe, J. and Choi, Y. and Cardie, C. and Riloff, E. and Patwardhan, S.},
  booktitle={Proceedings of HLT/EMNLP on Interactive Demonstrations},
  pages={34--35},
  year={2005},
  organization={Association for Computational Linguistics}
}

@inproceedings{yarowsky1994decision,
  title={Decision lists for lexical ambiguity resolution: Application to accent restoration in Spanish and French},
  author={Yarowsky, D.},
  booktitle={Proceedings of the 32nd annual meeting on Association for Computational Linguistics},
  pages={88--95},
  year={1994},
  organization={Association for Computational Linguistics}
}
